@article{huffman1952method,
  title={A method for the construction of minimum-redundancy codes},
  author={Huffman, David A},
  journal={Proceedings of the IRE},
  volume={40},
  number={9},
  pages={1098--1101},
  year={1952},
  publisher={IEEE}
}

@inproceedings{KaiserS15,
  author    = {Lukasz Kaiser and
               Ilya Sutskever},
  title     = {Neural GPUs Learn Algorithms},
  booktitle = {{ICLR}},
  year      = {2016}
}

@article{wenpeng17,
  author    = {Wenpeng Yin and
               Katharina Kann and
               Mo Yu and
               Hinrich Sch{\"{u}}tze},
  title     = {Comparative Study of {CNN} and {RNN} for Natural Language Processing},
  journal   = {CoRR},
  volume    = {abs/1702.01923},
  year      = {2017}
}

@article{junyoung14,
  author    = {Junyoung Chung and
               {\c{C}}aglar G{\"{u}}l{\c{c}}ehre and
               KyungHyun Cho and
               Yoshua Bengio},
  title     = {Empirical Evaluation of Gated Recurrent Neural Networks on Sequence
               Modeling},
  journal   = {CoRR},
  volume    = {abs/1412.3555},
  year      = {2014}
}
